<record><leader>00000cas a2200000 a 4500</leader><controlfield tag="001">55318010</controlfield><controlfield tag="008">040522u1999uuuucaumr ne      0    0peroc</controlfield><datafield ind1=" " ind2=" " tag="010"><subfield code="a">  2004222848</subfield></datafield><datafield ind1=" " ind2=" " tag="040"><subfield code="a">CLU</subfield><subfield code="b">eng</subfield><subfield code="c">CLU</subfield><subfield code="d">OCLCQ</subfield><subfield code="d">OCLCF</subfield><subfield code="d">OCLCO</subfield><subfield code="d">OCL</subfield></datafield><datafield ind1="0" ind2=" " tag="041"><subfield code="a">per</subfield><subfield code="a">eng</subfield></datafield><datafield ind1=" " ind2=" " tag="042"><subfield code="a">pcc</subfield></datafield><datafield ind1=" " ind2=" " tag="043"><subfield code="a">a-ir---</subfield><subfield code="a">n-us---</subfield></datafield><datafield ind1="0" ind2=" " tag="130"><subfield code="a">I&#772;ra&#772;n-i imru&#772;z (San Jose, Calif.)</subfield></datafield><datafield ind1="1" ind2="0" tag="245"><subfield code="a">I&#772;ra&#772;n-i imru&#772;z.</subfield></datafield><datafield ind1="1" ind2="3" tag="246"><subfield code="a">Iran today</subfield></datafield><datafield ind1=" " ind2=" " tag="260"><subfield code="a">San Jose, CA :</subfield><subfield code="b">Su&#772;san Akbar Pu&#772;r</subfield></datafield><datafield ind1=" " ind2=" " tag="300"><subfield code="a">v. :</subfield><subfield code="b">ill. ;</subfield><subfield code="c">58 cm.</subfield></datafield><datafield ind1=" " ind2=" " tag="310"><subfield code="a">Monthly</subfield></datafield><datafield ind1="1" ind2=" " tag="362"><subfield code="a">Began in 1999.</subfield></datafield><datafield ind1=" " ind2=" " tag="515"><subfield code="a">Issues for &lt;Oct. 2000-&gt; called also: &lt;Vol. 2. CCX-&gt;</subfield></datafield><datafield ind1=" " ind2=" " tag="530"><subfield code="a">Some issues also available online via the World Wide Web.</subfield></datafield><datafield ind1=" " ind2=" " tag="546"><subfield code="a">In Persian and English.</subfield></datafield><datafield ind1=" " ind2=" " tag="588"><subfield code="a">Description based on: Shuma&#772;rah-i 2 (May/Ju&#772;n 1999).</subfield></datafield><datafield ind1=" " ind2=" " tag="588"><subfield code="a">Latest issue consulted: Shuma&#772;rah-i 30 (A&#772;z&#818;ar 1380 [Dec. 2001]).</subfield></datafield><datafield ind1=" " ind2="0" tag="651"><subfield code="a">Iran</subfield><subfield code="x">Politics and government</subfield><subfield code="v">Newspapers.</subfield></datafield><datafield ind1=" " ind2="7" tag="650"><subfield code="a">Politics and government</subfield><subfield code="2">fast</subfield><subfield code="0">(OCoLC)fst01919741</subfield></datafield><datafield ind1=" " ind2="7" tag="651"><subfield code="a">Iran.</subfield><subfield code="2">fast</subfield><subfield code="0">(OCoLC)fst01204889</subfield></datafield><datafield ind1=" " ind2="7" tag="655"><subfield code="a">Newspapers.</subfield><subfield code="2">fast</subfield><subfield code="0">(OCoLC)fst01423814</subfield></datafield><datafield ind1=" " ind2=" " tag="752"><subfield code="a">United States</subfield><subfield code="b">California</subfield><subfield code="c">Santa Clara</subfield><subfield code="d">San Jose.</subfield></datafield><datafield ind1="4" ind2="1" tag="856"><subfield code="u">http://bibpurl.oclc.org/web/7807</subfield><subfield code="u">http://www.irantodayonline.com/</subfield><subfield code="z">Choose Archive on navigation bar</subfield></datafield><datafield ind1="1" ind2=" " tag="029"><subfield code="a">AU@</subfield><subfield code="b">000025561540</subfield></datafield></record>